%% This BibTeX bibliography file was created using BibDesk.
%% http://bibdesk.sourceforge.net/

%% Created for Manan Vaswani at 2019-04-28 14:21:20 +0100


%% Saved with string encoding Unicode (UTF-8)



@book{feller1968,
	Author = {William Feller},
	Date-Added = {2019-04-28 14:19:39 +0100},
	Date-Modified = {2019-04-28 14:21:20 +0100},
	Publisher = {Wiley},
	Title = {An Introduction to Probability Theory and its Applications},
	Volume = {1},
	Year = {1968}}

@phdthesis{bax1998,
	Author = {Bax, Eric},
	Date-Added = {2019-04-26 17:05:40 +0100},
	Date-Modified = {2019-04-26 17:06:51 +0100},
	Month = {February},
	School = {California Institute of Technology},
	Title = {Finite-difference algorithms for counting problems},
	Year = {1998}}

@phdthesis{balasubramanian1980,
	Author = {Balasubramanian, K},
	Date-Added = {2019-04-26 17:01:13 +0100},
	Date-Modified = {2019-04-26 17:03:05 +0100},
	Month = {Dec},
	School = {Indian Statistical Institute, Calcutta},
	Title = {Combinatorics and diagonals of matrices},
	Year = {1980}}

@article{marcus_minc66,
	Author = {Marvin Marcus, Henryk Minc},
	Date-Added = {2019-04-26 13:00:18 +0100},
	Date-Modified = {2019-04-26 13:21:00 +0100},
	Journal = {The American Mathematical Monthly},
	Pages = {577-591},
	Title = {Permanents},
	Volume = {vol. 72},
	Year = {1965}}

@article{clifford17,
	Archiveprefix = {arXiv},
	Author = {Peter Clifford and Rapha{\"{e}}l Clifford},
	Bibsource = {dblp computer science bibliography, https://dblp.org},
	Biburl = {https://dblp.org/rec/bib/journals/corr/CliffordC17},
	Eprint = {1706.01260},
	Journal = {CoRR},
	Timestamp = {Mon, 13 Aug 2018 16:46:38 +0200},
	Title = {The Classical Complexity of Boson Sampling},
	Url = {http://arxiv.org/abs/1706.01260},
	Volume = {abs/1706.01260},
	Year = {2017},
	Bdsk-Url-1 = {http://arxiv.org/abs/1706.01260}}

@book{ryser_1963,
	Author = {Ryser, Herbert John},
	Doi = {10.5948/UPO9781614440147},
	Publisher = {Mathematical Association of America},
	Title = {Combinatorial Mathematics},
	Year = {1963},
	Bdsk-Url-1 = {https://doi.org/10.5948/UPO9781614440147}}

@article{valiant1979,
	Abstract = {It is shown that the permanent function of (0, 1)-matrices is a complete problem for the class of counting problems associated with nondeterministic polynomial time computations. Related counting problems are also considered. The reductions used are characterized by their nontrivial use of arithmetic.},
	Author = {L.G. Valiant},
	Doi = {https://doi.org/10.1016/0304-3975(79)90044-6},
	Issn = {0304-3975},
	Journal = {Theoretical Computer Science},
	Number = {2},
	Pages = {189 - 201},
	Title = {The complexity of computing the permanent},
	Url = {http://www.sciencedirect.com/science/article/pii/0304397579900446},
	Volume = {8},
	Year = {1979},
	Bdsk-Url-1 = {http://www.sciencedirect.com/science/article/pii/0304397579900446},
	Bdsk-Url-2 = {https://doi.org/10.1016/0304-3975(79)90044-6}}

@incollection{Nijenhuis1978,
	Author = {Albert Nijenhuis and Herbert S. Wilf},
	Booktitle = {Combinatorial Algorithms (Second Edition)},
	Doi = {https://doi.org/10.1016/B978-0-12-519260-6.50029-2},
	Edition = {Second Edition},
	Editor = {ALBERT NIJENHUIS and HERBERT S. WILF},
	Isbn = {978-0-12-519260-6},
	Pages = {217 - 225},
	Publisher = {Academic Press},
	Title = {23 - The Permanent Function (PERMAN)},
	Url = {http://www.sciencedirect.com/science/article/pii/B9780125192606500292},
	Year = {1978},
	Bdsk-Url-1 = {http://www.sciencedirect.com/science/article/pii/B9780125192606500292},
	Bdsk-Url-2 = {https://doi.org/10.1016/B978-0-12-519260-6.50029-2}}

@article{bax1996,
	Abstract = {We present algorithms to count paths and cycles of a given length in a directed graph. The algorithms have time complexity O(2n poly n) and space complexity O(poly n).},
	Author = {Eric Bax and Joel Franklin},
	Doi = {https://doi.org/10.1016/S0020-0190(96)00159-7},
	Issn = {0020-0190},
	Journal = {Information Processing Letters},
	Keywords = {Algorithms, Combinatorial problems},
	Number = {4},
	Pages = {171 - 176},
	Title = {A finite-difference sieve to count paths and cycles by length},
	Url = {http://www.sciencedirect.com/science/article/pii/S0020019096001597},
	Volume = {60},
	Year = {1996},
	Bdsk-Url-1 = {http://www.sciencedirect.com/science/article/pii/S0020019096001597},
	Bdsk-Url-2 = {https://doi.org/10.1016/S0020-0190(96)00159-7}}

@article{glynn2010,
	Abstract = {We investigate the permanent of a square matrix over a field and calculate it using ways different from Ryser{\^a}s formula or the standard definition. One formula is related to symmetric tensors and has the same efficiency O(2mm) as Ryser{\^a}s method. Another algebraic method in the prime characteristic case uses partial differentiation.},
	Author = {David G. Glynn},
	Doi = {https://doi.org/10.1016/j.ejc.2010.01.010},
	Issn = {0195-6698},
	Journal = {European Journal of Combinatorics},
	Number = {7},
	Pages = {1887 - 1891},
	Title = {The permanent of a square matrix},
	Url = {http://www.sciencedirect.com/science/article/pii/S0195669810000211},
	Volume = {31},
	Year = {2010},
	Bdsk-Url-1 = {http://www.sciencedirect.com/science/article/pii/S0195669810000211},
	Bdsk-Url-2 = {https://doi.org/10.1016/j.ejc.2010.01.010}}

@ARTICLE{walker1974, 
	author={A. J. {Walker}},
	journal={Electronics Letters},
	title={New fast method for generating discrete random numbers with arbitrary frequency distributions},
	year={1974},
	volume={10},
	number={8},
	pages={127-128},
	keywords={random number generation;arbitrary frequency distributions;random number generation;sequential numbers},
	doi={10.1049/el:19740097},
	ISSN={0013-5194},
	month={April},}
